<?xml version="1.0" encoding="UTF-8"?><collection xmlns="http://www.loc.gov/MARC21/slim"><record><leader>00347nam--2200121-i-4500</leader><controlfield tag="001">000021817</controlfield><controlfield tag="002">20161230</controlfield><controlfield tag="005">20161230201034</controlfield><controlfield tag="008">060222s1000------------r-----000-0-eng-d</controlfield><datafield ind1=" " ind2=" " tag="245"><subfield code="a">International conference on high energy accelerators and instrumentation - cern 1959</subfield></datafield><datafield ind1=" " ind2=" " tag="260"><subfield code="a">Geneve, Cern, 1959, Xvi + 705p</subfield></datafield><datafield ind1=" " ind2=" " tag="700"><subfield code="a">Kowarski, L</subfield></datafield><datafield ind1=" " ind2=" " tag="852"><subfield code="a">15835</subfield></datafield></record></collection>